@article{griffiths,
  title={Infinite latent feature models and the Indian buffet process},
  author={Griffiths, Thomas and Ghahramani, Zoubin},
  year={2005},
  publisher={Gatsby Unit}
}

@UNPUBLISHED{yildirim,
    author = {Ilker Yildirim},
    title = {Bayesian Statistics: Indian Buffet Process},
    year = {2012}
}

@UNPUBLISHED{yildirimweb,
    author = {Ilker Yildirim},
    title = {http://www.mit.edu/~ilkery/}
}

@unpublished{griffiths1,
  title={Infinite latent feature models and the Indian buffet process. Technical Report 2005-001},
  author={Griffiths, Thomas and Ghahramani, Zoubin},
  year={2005},
  publisher={Gatsby Computational Neuroscience Unit}
}

@article{occam,
  title={Occam's razor},
  author={Rasmussen, Carl Edward and Ghahramani, Zoubin},
  journal={Advances in neural information processing systems},
  pages={294--300},
  year={2001},
  publisher={MIT; 1998}
}